
@ARTICLE{GALAXYDefined2012AJ....144...76W,
       author = {{Willman}, B. and {Strader}, J.},
        title = "{``Galaxy,'' Defined}",
      journal = {\aj},
     keywords = {galaxies: dwarf, galaxies: kinematics and dynamics, galaxies: star clusters: general, Astrophysics - Cosmology and Nongalactic Astrophysics, Astrophysics - Astrophysics of Galaxies},
         year = 2012,
        month = sep,
       volume = {144},
       number = {3},
          eid = {76},
        pages = {76},
          doi = {10.1088/0004-6256/144/3/76},
archivePrefix = {arXiv},
       eprint = {1203.2608},
 primaryClass = {astro-ph.CO},
       adsurl = {https://ui.adsabs.harvard.edu/abs/2012AJ....144...76W},
      adsnote = {Provided by the SAO/NASA Astrophysics Data System}
}
@ARTICLE{HST2004PASP..116..790M,
       author = {{Meylan}, Georges and {Madrid}, Juan P. and {Macchetto}, Duccio},
        title = "{Hubble Space Telescope Science Metrics}",
      journal = {\pasp},
     keywords = {Telescopes, astronomical databases: miscellaneous, Astrophysics},
         year = 2004,
        month = aug,
       volume = {116},
       number = {822},
        pages = {790-796},
          doi = {10.1086/423227},
archivePrefix = {arXiv},
       eprint = {astro-ph/0406655},
 primaryClass = {astro-ph},
       adsurl = {https://ui.adsabs.harvard.edu/abs/2004PASP..116..790M},
      adsnote = {Provided by the SAO/NASA Astrophysics Data System}
}



@ARTICLE{JWST2006SSRv..123..485G,
       author = {{Gardner}, Jonathan P. and {Mather}, John C. and {Clampin}, Mark and {Doyon}, Rene and {Greenhouse}, Matthew A. and {Hammel}, Heidi B. and {Hutchings}, John B. and {Jakobsen}, Peter and {Lilly}, Simon J. and {Long}, Knox S. and {Lunine}, Jonathan I. and {McCaughrean}, Mark J. and {Mountain}, Matt and {Nella}, John and {Rieke}, George H. and {Rieke}, Marcia J. and {Rix}, Hans-Walter and {Smith}, Eric P. and {Sonneborn}, George and {Stiavelli}, Massimo and {Stockman}, H.~S. and {Windhorst}, Rogier A. and {Wright}, Gillian S.},
        title = "{The James Webb Space Telescope}",
      journal = {\ssr},
     keywords = {galaxies: formation, infrared: general, planetary systems, space vehicles: instruments, stars: formation, Astrophysics},
         year = 2006,
        month = apr,
       volume = {123},
       number = {4},
        pages = {485-606},
          doi = {10.1007/s11214-006-8315-7},
archivePrefix = {arXiv},
       eprint = {astro-ph/0606175},
 primaryClass = {astro-ph},
       adsurl = {https://ui.adsabs.harvard.edu/abs/2006SSRv..123..485G},
      adsnote = {Provided by the SAO/NASA Astrophysics Data System}
}

@INPROCEEDINGS{SDSS2019BAAS...51g.274K,
       author = {{Kollmeier}, Juna and {Anderson}, S.~F. and {Blanc}, G.~A. and {Blanton}, M.~R. and {Covey}, K.~R. and {Crane}, J. and {Drory}, N. and {Frinchaboy}, P.~M. and {Froning}, C.~S. and {Johnson}, J.~A. and {Kneib}, J. -P. and {Kreckel}, K. and {Merloni}, A. and {Pellegrini}, E.~W. and {Pogge}, R.~W. and {Ramirez}, S.~V. and {Rix}, H.~W. and {Sayres}, C. and {S{\'a}nchez-Gallego}, Jos{\'e} and {Shen}, Yue and {Tkachenko}, A. and {Trump}, J.~R. and {Tuttle}, S.~E. and {Weijmans}, A. and {Zasowski}, G. and {Barbuy}, B. and {Beaton}, R.~L. and {Bergemann}, M. and {Bochanski}, J.~J. and {Brandt}, W.~N. and {Casey}, A.~R. and {Cherinka}, B.~A. and {Eracleous}, M. and {Fan}, X. and {Garc{\'\i}a}, R.~A. and {Green}, P.~J. and {Hekker}, S. and {Lane}, R.~R. and {Longa-Pe{\~n}a}, P. and {Mathur}, S. and {Meza}, A. and {Minchev}, I. and {Myers}, A.~D. and {Nidever}, D.~L. and {Nitschelm}, C. and {O'Connell}, J.~E. and {Price-Whelan}, A.~M. and {Raddick}, M.~J. and {Rossi}, G. and {Sankrit}, R. and {Simon}, J.~D. and {Stutz}, A.~M. and {Ting}, Y. -S. and {Trakhtenbrot}, B. and {Weaver}, B.~A. and {Willmer}, C.~N.~A. and {Weinberg}, D.~H.},
        title = "{SDSS-V Pioneering Panoptic Spectroscopy}",
    booktitle = {Bulletin of the American Astronomical Society},
         year = 2019,
       volume = {51},
        month = sep,
          eid = {274},
        pages = {274},
       adsurl = {https://ui.adsabs.harvard.edu/abs/2019BAAS...51g.274K},
      adsnote = {Provided by the SAO/NASA Astrophysics Data System}
}



@article{IllustrisTNGnelson2021illustristngsimulationspublicdata,
      title={The IllustrisTNG Simulations: Public Data Release}, 
      author={Dylan Nelson and Volker Springel and Annalisa Pillepich and Vicente Rodriguez-Gomez and Paul Torrey and Shy Genel and Mark Vogelsberger and Ruediger Pakmor and Federico Marinacci and Rainer Weinberger and Luke Kelley and Mark Lovell and Benedikt Diemer and Lars Hernquist},
      year={2021},
      eprint={1812.05609},
      archivePrefix={arXiv},
      primaryClass={astro-ph.GA},
      url={https://arxiv.org/abs/1812.05609}, 
}


@article{Sohn_2012,
	author = {Sohn, Sangmo Tony and Anderson, Jay and van der Marel, Roeland P.},
	doi = {10.1088/0004-637X/753/1/7},
	journal = {The Astrophysical Journal},
	month = {jun},
	number = {1},
	pages = {7},
	publisher = {The American Astronomical Society},
	title = {THE M31 VELOCITY VECTOR. I. HUBBLE SPACE TELESCOPE PROPER-MOTION MEASUREMENTS},
	url = {https://dx.doi.org/10.1088/0004-637X/753/1/7},
	volume = {753},
	year = {2012},
	bdsk-url-1 = {https://dx.doi.org/10.1088/0004-637X/753/1/7}
}

@ARTICLE{EAGLE2015MNRAS.446..521S,
       author = {{Schaye}, Joop and {Crain}, Robert A. and {Bower}, Richard G. and {Furlong}, Michelle and {Schaller}, Matthieu and {Theuns}, Tom and {Dalla Vecchia}, Claudio and {Frenk}, Carlos S. and {McCarthy}, I.~G. and {Helly}, John C. and {Jenkins}, Adrian and {Rosas-Guevara}, Y.~M. and {White}, Simon D.~M. and {Baes}, Maarten and {Booth}, C.~M. and {Camps}, Peter and {Navarro}, Julio F. and {Qu}, Yan and {Rahmati}, Alireza and {Sawala}, Till and {Thomas}, Peter A. and {Trayford}, James},
        title = "{The EAGLE project: simulating the evolution and assembly of galaxies and their environments}",
      journal = {\mnras},
     keywords = {methods: numerical, galaxies: evolution, galaxies: formation, cosmology: theory, Astrophysics - Astrophysics of Galaxies, Astrophysics - Cosmology and Nongalactic Astrophysics},
         year = 2015,
        month = jan,
       volume = {446},
       number = {1},
        pages = {521-554},
          doi = {10.1093/mnras/stu2058},
archivePrefix = {arXiv},
       eprint = {1407.7040},
 primaryClass = {astro-ph.GA},
       adsurl = {https://ui.adsabs.harvard.edu/abs/2015MNRAS.446..521S},
      adsnote = {Provided by the SAO/NASA Astrophysics Data System}
}

@ARTICLE{Naab,
       author = {{Naab}, Thorsten and {Oser}, L. and {Emsellem}, E. and {Cappellari}, Michele and {Krajnovi{\'c}}, D. and {McDermid}, R.~M. and {Alatalo}, K. and {Bayet}, E. and {Blitz}, L. and {Bois}, M. and {Bournaud}, F. and {Bureau}, M. and {Crocker}, A. and {Davies}, R.~L. and {Davis}, T.~A. and {de Zeeuw}, P.~T. and {Duc}, P. -A. and {Hirschmann}, M. and {Johansson}, P.~H. and {Khochfar}, S. and {Kuntschner}, H. and {Morganti}, R. and {Oosterloo}, T. and {Sarzi}, M. and {Scott}, N. and {Serra}, P. and {van de Ven}, G. and {Weijmans}, A. and {Young}, L.~M.},
        title = "{The ATLAS$^{3D}$ project - XXV. Two-dimensional kinematic analysis of simulated galaxies and the cosmological origin of fast and slow rotators}",
      journal = {\mnras},
     keywords = {galaxies: elliptical and lenticular, cD, galaxies: evolution, galaxies: formation, galaxies: kinematics and dynamics, galaxies: structure, Astrophysics - Cosmology and Nongalactic Astrophysics},
         year = 2014,
        month = nov,
       volume = {444},
       number = {4},
        pages = {3357-3387},
          doi = {10.1093/mnras/stt1919},
archivePrefix = {arXiv},
       eprint = {1311.0284},
 primaryClass = {astro-ph.CO},
       adsurl = {https://ui.adsabs.harvard.edu/abs/2014MNRAS.444.3357N},
      adsnote = {Provided by the SAO/NASA Astrophysics Data System}
}

@article{Cox_2006,
doi = {10.1086/507474},
url = {https://dx.doi.org/10.1086/507474},
year = {2006},
month = {oct},
publisher = {},
volume = {650},
number = {2},
pages = {791},
author = {Cox, T. J. and Dutta, Suvendra N. and Di Matteo, Tiziana and Hernquist, Lars and Hopkins, Philip F. and Robertson, Brant and Springel, Volker},
title = {The Kinematic Structure of Merger Remnants},
journal = {The Astrophysical Journal},
}

@article{van_der_Marel_2012,
doi = {10.1088/0004-637X/753/1/9},
url = {https://dx.doi.org/10.1088/0004-637X/753/1/9},
year = {2012},
month = {jun},
publisher = {The American Astronomical Society},
volume = {753},
number = {1},
pages = {9},
author = {van der Marel, Roeland P. and Besla, Gurtina and Cox, T. J. and Sohn, Sangmo Tony and Anderson, Jay},
title = {THE M31 VELOCITY VECTOR. III. FUTURE MILKY WAY M31â€“M33 ORBITAL EVOLUTION, MERGING, AND FATE OF THE SUN},
journal = {The Astrophysical Journal},
}
